<?xml version="1.0" encoding="UTF-8"?><collection xmlns="http://www.loc.gov/MARC21/slim"><record><leader>00388nam--2200133-i-4500</leader><controlfield tag="001">000005052</controlfield><controlfield tag="002">20161230</controlfield><controlfield tag="005">20161230201026</controlfield><controlfield tag="008">060222s1000------------r-----000-0-eng-d</controlfield><datafield ind1=" " ind2=" " tag="100"><subfield code="a">Adler, Richard B.And Hauss, Herman A</subfield></datafield><datafield ind1=" " ind2=" " tag="245"><subfield code="a">Circuit theory of linear noisy networks</subfield></datafield><datafield ind1=" " ind2=" " tag="260"><subfield code="a">New York, John Wiley,, 1959 Xii + 79 P</subfield></datafield><datafield ind1=" " ind2=" " tag="490"><subfield code="a">Technology Press Research Monographs</subfield></datafield><datafield ind1=" " ind2=" " tag="852"><subfield code="a">15609</subfield></datafield></record></collection>